
@article{hellewell_feasibility_2020,
  title = {Feasibility of Controlling {{COVID}}-19 Outbreaks by Isolation of Cases and Contacts},
  author = {Hellewell, Joel and Abbott, Sam and Gimma, Amy and Bosse, Nikos I and Jarvis, Christopher I and Russell, Timothy W and Munday, James D and Kucharski, Adam J and Edmunds, W John and Funk, Sebastian and Eggo, Rosalind M and Sun, Fiona and Flasche, Stefan and Quilty, Billy J and Davies, Nicholas and Liu, Yang and Clifford, Samuel and Klepac, Petra and Jit, Mark and Diamond, Charlie and Gibbs, Hamish and {van Zandvoort}, Kevin},
  year = {2020},
  month = apr,
  volume = {8},
  pages = {e488-e496},
  issn = {2214109X},
  doi = {10.1016/S2214-109X(20)30074-7},
  file = {/Users/nick/Zotero/storage/BB5XWJYC/Hellewell et al. - 2020 - Feasibility of controlling COVID-19 outbreaks by i.pdf},
  journal = {The Lancet Global Health},
  keywords = {covid},
  language = {en},
  number = {4}
}


